%%
%% Author: david
%% 17/04/19
%%

